<collection xmlns="http://www.loc.gov/MARC21/slim">
<record>
  <leader>00491na 0a22001091i 450 </leader>
  <controlfield tag="001">IT\ICCU\CNCE\056245</controlfield>
  <controlfield tag="005">20050201000000.0</controlfield>
  <datafield tag="100" ind1=" " ind2=" ">
    <subfield code="a">20040310             0itac0103    ba</subfield>
  </datafield>
  <datafield tag="101" ind1=" " ind2=" ">
    <subfield code="a">ITA</subfield>
  </datafield>
  <datafield tag="200" ind1="1" ind2=" ">
    <subfield code="a">℗2.: ℗Volume secondo della prima parte delle historie del mondo di m. Gio. Tarchagnota, lequali con tutta quella particolarit,̉ che bisogna, contengono quanto dal principio del mondo fino  ̉tempi nostri  ̈successo, ...</subfield>
  </datafield>
  <datafield tag="700" ind1=" " ind2="1">
    <subfield code="a">Tarcagnota,</subfield>
    <subfield code="b">Giovanni</subfield>
    <subfield code="3">IT\ICCU\CNCA\001157</subfield>
  </datafield>
  <datafield tag="801" ind1=" " ind2="3">
    <subfield code="a">IT</subfield>
    <subfield code="b">ICCU</subfield>
    <subfield code="c">20201115</subfield>
  </datafield>
</record>
</collection>
